%YAML 1.1
%TAG !u! tag:unity3d.com,2011:
--- !u!1 &7236128546446174370
GameObject:
  m_ObjectHideFlags: 0
  m_CorrespondingSourceObject: {fileID: 0}
  m_PrefabInstance: {fileID: 0}
  m_PrefabAsset: {fileID: 0}
  serializedVersion: 6
  m_Component:
  - component: {fileID: 3917540967319281885}
  - component: {fileID: 5579693792832148742}
  - component: {fileID: 8360050377432106515}
  - component: {fileID: 7963358105901887154}
  - component: {fileID: 2537890444794525955}
  - component: {fileID: 4243696623604051336}
  - component: {fileID: 3849064456098225758}
  m_Layer: 7
  m_Name: Rotate
  m_TagString: Untagged
  m_Icon: {fileID: 0}
  m_NavMeshLayer: 0
  m_StaticEditorFlags: 0
  m_IsActive: 1
--- !u!4 &3917540967319281885
Transform:
  m_ObjectHideFlags: 0
  m_CorrespondingSourceObject: {fileID: 0}
  m_PrefabInstance: {fileID: 0}
  m_PrefabAsset: {fileID: 0}
  m_GameObject: {fileID: 7236128546446174370}
  serializedVersion: 2
  m_LocalRotation: {x: 0, y: 0, z: 0, w: 1}
  m_LocalPosition: {x: -10, y: -3, z: -8}
  m_LocalScale: {x: 1, y: 1, z: 1}
  m_ConstrainProportionsScale: 0
  m_Children:
  - {fileID: 7826747027386629792}
  - {fileID: 2288597240815713427}
  m_Father: {fileID: 0}
  m_LocalEulerAnglesHint: {x: 0, y: 0, z: 0}
--- !u!114 &5579693792832148742
MonoBehaviour:
  m_ObjectHideFlags: 0
  m_CorrespondingSourceObject: {fileID: 0}
  m_PrefabInstance: {fileID: 0}
  m_PrefabAsset: {fileID: 0}
  m_GameObject: {fileID: 7236128546446174370}
  m_Enabled: 1
  m_EditorHideFlags: 0
  m_Script: {fileID: 11500000, guid: 8233d90336aea43098adf6dbabd606a2, type: 3}
  m_Name: 
  m_EditorClassIdentifier: 
  m_MeshFormatVersion: 2
  m_Faces:
  - m_Indexes: 07000000060000000500000007000000050000000400000007000000040000000800000004000000030000000800000008000000030000000900000009000000030000000200000009000000020000000a0000000a00000002000000010000000a000000010000000b00000001000000000000000c000000010000000c0000000b000000
    m_SmoothingGroup: 0
    m_Uv:
      m_UseWorldSpace: 0
      m_FlipU: 0
      m_FlipV: 0
      m_SwapUV: 0
      m_Fill: 1
      m_Scale: {x: 1, y: 1}
      m_Offset: {x: 0, y: 0}
      m_Rotation: 0
      m_Anchor: 9
    m_Material: {fileID: 2100000, guid: 31321ba15b8f8eb4c954353edc038b1d, type: 2}
    m_SubmeshIndex: 0
    m_ManualUV: 0
    elementGroup: 0
    m_TextureGroup: -1
  - m_Indexes: 0d0000000e0000000f0000000e000000100000000f0000000d0000000f000000110000000f0000001200000011000000110000001200000013000000120000001400000013000000130000001400000015000000150000001400000016000000150000001600000017000000160000001800000017000000180000001900000017000000
    m_SmoothingGroup: 0
    m_Uv:
      m_UseWorldSpace: 0
      m_FlipU: 0
      m_FlipV: 0
      m_SwapUV: 0
      m_Fill: 1
      m_Scale: {x: 1, y: 1}
      m_Offset: {x: 0, y: 0}
      m_Rotation: 0
      m_Anchor: 9
    m_Material: {fileID: 2100000, guid: 31321ba15b8f8eb4c954353edc038b1d, type: 2}
    m_SubmeshIndex: 0
    m_ManualUV: 0
    elementGroup: 0
    m_TextureGroup: -1
  - m_Indexes: 1c0000001d0000001b0000001c0000001b0000001a000000
    m_SmoothingGroup: 0
    m_Uv:
      m_UseWorldSpace: 0
      m_FlipU: 0
      m_FlipV: 0
      m_SwapUV: 0
      m_Fill: 1
      m_Scale: {x: 1, y: 1}
      m_Offset: {x: 0, y: 0}
      m_Rotation: 0
      m_Anchor: 9
    m_Material: {fileID: 0}
    m_SubmeshIndex: 0
    m_ManualUV: 0
    elementGroup: -1
    m_TextureGroup: -1
  - m_Indexes: 20000000210000001f000000200000001f0000001e000000
    m_SmoothingGroup: 0
    m_Uv:
      m_UseWorldSpace: 0
      m_FlipU: 0
      m_FlipV: 0
      m_SwapUV: 0
      m_Fill: 1
      m_Scale: {x: 1, y: 1}
      m_Offset: {x: 0, y: 0}
      m_Rotation: 0
      m_Anchor: 9
    m_Material: {fileID: 0}
    m_SubmeshIndex: 0
    m_ManualUV: 0
    elementGroup: -1
    m_TextureGroup: -1
  - m_Indexes: 240000002500000023000000240000002300000022000000
    m_SmoothingGroup: 0
    m_Uv:
      m_UseWorldSpace: 0
      m_FlipU: 0
      m_FlipV: 0
      m_SwapUV: 0
      m_Fill: 1
      m_Scale: {x: 1, y: 1}
      m_Offset: {x: 0, y: 0}
      m_Rotation: 0
      m_Anchor: 9
    m_Material: {fileID: 0}
    m_SubmeshIndex: 0
    m_ManualUV: 0
    elementGroup: -1
    m_TextureGroup: -1
  - m_Indexes: 280000002900000027000000280000002700000026000000
    m_SmoothingGroup: 0
    m_Uv:
      m_UseWorldSpace: 0
      m_FlipU: 0
      m_FlipV: 0
      m_SwapUV: 0
      m_Fill: 1
      m_Scale: {x: 1, y: 1}
      m_Offset: {x: 0, y: 0}
      m_Rotation: 0
      m_Anchor: 9
    m_Material: {fileID: 0}
    m_SubmeshIndex: 0
    m_ManualUV: 0
    elementGroup: -1
    m_TextureGroup: -1
  - m_Indexes: 2c0000002d0000002b0000002c0000002b0000002a000000
    m_SmoothingGroup: 0
    m_Uv:
      m_UseWorldSpace: 0
      m_FlipU: 0
      m_FlipV: 0
      m_SwapUV: 0
      m_Fill: 1
      m_Scale: {x: 1, y: 1}
      m_Offset: {x: 0, y: 0}
      m_Rotation: 0
      m_Anchor: 9
    m_Material: {fileID: 0}
    m_SubmeshIndex: 0
    m_ManualUV: 0
    elementGroup: -1
    m_TextureGroup: -1
  - m_Indexes: 30000000310000002f000000300000002f0000002e000000
    m_SmoothingGroup: 0
    m_Uv:
      m_UseWorldSpace: 0
      m_FlipU: 0
      m_FlipV: 0
      m_SwapUV: 0
      m_Fill: 1
      m_Scale: {x: 1, y: 1}
      m_Offset: {x: 0, y: 0}
      m_Rotation: 0
      m_Anchor: 9
    m_Material: {fileID: 0}
    m_SubmeshIndex: 0
    m_ManualUV: 0
    elementGroup: -1
    m_TextureGroup: -1
  - m_Indexes: 340000003500000033000000340000003300000032000000
    m_SmoothingGroup: 0
    m_Uv:
      m_UseWorldSpace: 0
      m_FlipU: 0
      m_FlipV: 0
      m_SwapUV: 0
      m_Fill: 1
      m_Scale: {x: 1, y: 1}
      m_Offset: {x: 0, y: 0}
      m_Rotation: 0
      m_Anchor: 9
    m_Material: {fileID: 0}
    m_SubmeshIndex: 0
    m_ManualUV: 0
    elementGroup: -1
    m_TextureGroup: -1
  - m_Indexes: 380000003900000037000000380000003700000036000000
    m_SmoothingGroup: 0
    m_Uv:
      m_UseWorldSpace: 0
      m_FlipU: 0
      m_FlipV: 0
      m_SwapUV: 0
      m_Fill: 1
      m_Scale: {x: 1, y: 1}
      m_Offset: {x: 0, y: 0}
      m_Rotation: 0
      m_Anchor: 9
    m_Material: {fileID: 0}
    m_SubmeshIndex: 0
    m_ManualUV: 0
    elementGroup: -1
    m_TextureGroup: -1
  - m_Indexes: 3c0000003d0000003b0000003c0000003b0000003a000000
    m_SmoothingGroup: 0
    m_Uv:
      m_UseWorldSpace: 0
      m_FlipU: 0
      m_FlipV: 0
      m_SwapUV: 0
      m_Fill: 1
      m_Scale: {x: 1, y: 1}
      m_Offset: {x: 0, y: 0}
      m_Rotation: 0
      m_Anchor: 9
    m_Material: {fileID: 0}
    m_SubmeshIndex: 0
    m_ManualUV: 0
    elementGroup: -1
    m_TextureGroup: -1
  - m_Indexes: 40000000410000003f000000400000003f0000003e000000
    m_SmoothingGroup: 0
    m_Uv:
      m_UseWorldSpace: 0
      m_FlipU: 0
      m_FlipV: 0
      m_SwapUV: 0
      m_Fill: 1
      m_Scale: {x: 1, y: 1}
      m_Offset: {x: 0, y: 0}
      m_Rotation: 0
      m_Anchor: 9
    m_Material: {fileID: 0}
    m_SubmeshIndex: 0
    m_ManualUV: 0
    elementGroup: -1
    m_TextureGroup: -1
  - m_Indexes: 440000004500000043000000440000004300000042000000
    m_SmoothingGroup: 0
    m_Uv:
      m_UseWorldSpace: 0
      m_FlipU: 0
      m_FlipV: 0
      m_SwapUV: 0
      m_Fill: 1
      m_Scale: {x: 1, y: 1}
      m_Offset: {x: 0, y: 0}
      m_Rotation: 0
      m_Anchor: 9
    m_Material: {fileID: 0}
    m_SubmeshIndex: 0
    m_ManualUV: 0
    elementGroup: -1
    m_TextureGroup: -1
  - m_Indexes: 480000004900000047000000480000004700000046000000
    m_SmoothingGroup: 0
    m_Uv:
      m_UseWorldSpace: 0
      m_FlipU: 0
      m_FlipV: 0
      m_SwapUV: 0
      m_Fill: 1
      m_Scale: {x: 1, y: 1}
      m_Offset: {x: 0, y: 0}
      m_Rotation: 0
      m_Anchor: 9
    m_Material: {fileID: 0}
    m_SubmeshIndex: 0
    m_ManualUV: 0
    elementGroup: -1
    m_TextureGroup: -1
  - m_Indexes: 4c0000004d0000004b0000004c0000004b0000004a000000
    m_SmoothingGroup: 0
    m_Uv:
      m_UseWorldSpace: 0
      m_FlipU: 0
      m_FlipV: 0
      m_SwapUV: 0
      m_Fill: 1
      m_Scale: {x: 1, y: 1}
      m_Offset: {x: 0, y: 0}
      m_Rotation: 0
      m_Anchor: 9
    m_Material: {fileID: 0}
    m_SubmeshIndex: 0
    m_ManualUV: 0
    elementGroup: -1
    m_TextureGroup: -1
  m_SharedVertices:
  - m_Vertices: 000000004300000046000000
  - m_Vertices: 100000004500000048000000
  - m_Vertices: 010000003b00000042000000
  - m_Vertices: 0f0000003d00000044000000
  - m_Vertices: 02000000330000003a000000
  - m_Vertices: 12000000350000003c000000
  - m_Vertices: 030000002b00000032000000
  - m_Vertices: 140000002d00000034000000
  - m_Vertices: 04000000230000002a000000
  - m_Vertices: 16000000250000002c000000
  - m_Vertices: 050000001f00000022000000
  - m_Vertices: 180000002100000024000000
  - m_Vertices: 060000001b0000001e000000
  - m_Vertices: 190000001d00000020000000
  - m_Vertices: 070000001a00000027000000
  - m_Vertices: 170000001c00000029000000
  - m_Vertices: 08000000260000002f000000
  - m_Vertices: 150000002800000031000000
  - m_Vertices: 090000002e00000037000000
  - m_Vertices: 130000003000000039000000
  - m_Vertices: 0a000000360000003f000000
  - m_Vertices: 110000003800000041000000
  - m_Vertices: 0b0000003e0000004b000000
  - m_Vertices: 0d000000400000004d000000
  - m_Vertices: 0c000000470000004a000000
  - m_Vertices: 0e000000490000004c000000
  m_SharedTextures: []
  m_Positions:
  - {x: 0, y: 0, z: 0}
  - {x: 3, y: 0, z: 0}
  - {x: 5, y: 0, z: -2}
  - {x: 8, y: 0.0000009536743, z: -6}
  - {x: 8, y: 0, z: -9}
  - {x: 8, y: 0.0000009536743, z: -14}
  - {x: 11, y: 0, z: -14}
  - {x: 11, y: 0.0000009536743, z: -11}
  - {x: 11, y: 0, z: -6}
  - {x: 9, y: 0, z: -1}
  - {x: 6, y: 0.0000009536743, z: 1}
  - {x: 4, y: 0, z: 3}
  - {x: 0, y: -0.0000009536743, z: 3}
  - {x: 3.9999998, y: 4, z: 3}
  - {x: -0.0000001993034, y: 3.999999, z: 3}
  - {x: 2.9999998, y: 4, z: 0.000000076441076}
  - {x: -0.0000001993034, y: 4, z: 0.000000076441076}
  - {x: 6, y: 4.000001, z: 1.0000001}
  - {x: 5, y: 4, z: -1.9999999}
  - {x: 9, y: 4, z: -0.99999994}
  - {x: 8, y: 4.000001, z: -6}
  - {x: 11, y: 4, z: -6}
  - {x: 8, y: 4, z: -9}
  - {x: 11, y: 4.000001, z: -11}
  - {x: 8, y: 4.000001, z: -14}
  - {x: 11, y: 4, z: -14}
  - {x: 11, y: 0.0000009536743, z: -11}
  - {x: 11, y: 0, z: -14}
  - {x: 11, y: 4.000001, z: -11}
  - {x: 11, y: 4, z: -14}
  - {x: 11, y: 0, z: -14}
  - {x: 8, y: 0.0000009536743, z: -14}
  - {x: 11, y: 4, z: -14}
  - {x: 8, y: 4.000001, z: -14}
  - {x: 8, y: 0.0000009536743, z: -14}
  - {x: 8, y: 0, z: -9}
  - {x: 8, y: 4.000001, z: -14}
  - {x: 8, y: 4, z: -9}
  - {x: 11, y: 0, z: -6}
  - {x: 11, y: 0.0000009536743, z: -11}
  - {x: 11, y: 4, z: -6}
  - {x: 11, y: 4.000001, z: -11}
  - {x: 8, y: 0, z: -9}
  - {x: 8, y: 0.0000009536743, z: -6}
  - {x: 8, y: 4, z: -9}
  - {x: 8, y: 4.000001, z: -6}
  - {x: 9, y: 0, z: -1}
  - {x: 11, y: 0, z: -6}
  - {x: 9, y: 4, z: -0.99999994}
  - {x: 11, y: 4, z: -6}
  - {x: 8, y: 0.0000009536743, z: -6}
  - {x: 5, y: 0, z: -2}
  - {x: 8, y: 4.000001, z: -6}
  - {x: 5, y: 4, z: -1.9999999}
  - {x: 6, y: 0.0000009536743, z: 1}
  - {x: 9, y: 0, z: -1}
  - {x: 6, y: 4.000001, z: 1.0000001}
  - {x: 9, y: 4, z: -0.99999994}
  - {x: 5, y: 0, z: -2}
  - {x: 3, y: 0, z: 0}
  - {x: 5, y: 4, z: -1.9999999}
  - {x: 2.9999998, y: 4, z: 0.000000076441076}
  - {x: 4, y: 0, z: 3}
  - {x: 6, y: 0.0000009536743, z: 1}
  - {x: 3.9999998, y: 4, z: 3}
  - {x: 6, y: 4.000001, z: 1.0000001}
  - {x: 3, y: 0, z: 0}
  - {x: 0, y: 0, z: 0}
  - {x: 2.9999998, y: 4, z: 0.000000076441076}
  - {x: -0.0000001993034, y: 4, z: 0.000000076441076}
  - {x: 0, y: 0, z: 0}
  - {x: 0, y: -0.0000009536743, z: 3}
  - {x: -0.0000001993034, y: 4, z: 0.000000076441076}
  - {x: -0.0000001993034, y: 3.999999, z: 3}
  - {x: 0, y: -0.0000009536743, z: 3}
  - {x: 4, y: 0, z: 3}
  - {x: -0.0000001993034, y: 3.999999, z: 3}
  - {x: 3.9999998, y: 4, z: 3}
  m_Textures0:
  - {x: 0, y: 0}
  - {x: 3, y: 2.8565564e-15}
  - {x: 5, y: -2}
  - {x: 8, y: -6}
  - {x: 8, y: -9}
  - {x: 8, y: -14}
  - {x: 11, y: -14}
  - {x: 11, y: -11}
  - {x: 11, y: -6}
  - {x: 9, y: -1}
  - {x: 6, y: 1}
  - {x: 4, y: 3}
  - {x: -4.7517634e-14, y: 3}
  - {x: -4, y: 3}
  - {x: 1.1857189e-13, y: 3}
  - {x: -3, y: -2.5565153e-14}
  - {x: 7.1054274e-14, y: -2.842171e-14}
  - {x: -6, y: 1}
  - {x: -5, y: -2}
  - {x: -9, y: -1}
  - {x: -8, y: -6}
  - {x: -11, y: -6}
  - {x: -8, y: -9}
  - {x: -11, y: -11}
  - {x: -8, y: -14}
  - {x: -11, y: -14}
  - {x: 11, y: 0.0000009536743}
  - {x: 14, y: 0}
  - {x: 11, y: 4.000001}
  - {x: 14, y: 4}
  - {x: -11, y: 0}
  - {x: -8, y: 0.0000009536743}
  - {x: -11, y: 4}
  - {x: -8, y: 4.000001}
  - {x: -14, y: 0.0000009536743}
  - {x: -9, y: 0}
  - {x: -14, y: 4.000001}
  - {x: -9, y: 4}
  - {x: 6, y: 0}
  - {x: 11, y: 0.0000009536743}
  - {x: 6, y: 4}
  - {x: 11, y: 4.000001}
  - {x: -9, y: 0}
  - {x: -6, y: 0.0000009536743}
  - {x: -9, y: 4}
  - {x: -6, y: 4.000001}
  - {x: 4.2709928, y: 0}
  - {x: 9.6561575, y: 0}
  - {x: 4.2709928, y: 4}
  - {x: 9.6561575, y: 4}
  - {x: -9.6, y: 0.0000009536743}
  - {x: -4.6000004, y: 0}
  - {x: -9.6, y: 4.000001}
  - {x: -4.6, y: 4}
  - {x: 4.4376016, y: 0.0000009536743}
  - {x: 8.043153, y: 0}
  - {x: 4.4376016, y: 4.000001}
  - {x: 8.043153, y: 4}
  - {x: -4.9497476, y: -0.00000004470347}
  - {x: -2.1213205, y: -0.000000044703473}
  - {x: -4.9497476, y: 4}
  - {x: -2.1213202, y: 4}
  - {x: 0.7071072, y: 0.00000010430814}
  - {x: 3.5355344, y: 0.0000010579824}
  - {x: 0.707107, y: 4}
  - {x: 3.5355341, y: 4.000001}
  - {x: -3, y: 0}
  - {x: 0, y: 0}
  - {x: -2.9999998, y: 4}
  - {x: 0.0000001993034, y: 4}
  - {x: 0, y: 0}
  - {x: 3, y: -0.0000009536743}
  - {x: 0.000000076441076, y: 4}
  - {x: 3, y: 3.999999}
  - {x: 0, y: -0.0000009536743}
  - {x: 4, y: 0}
  - {x: -0.0000001993034, y: 3.999999}
  - {x: 3.9999998, y: 4}
  m_Textures2: []
  m_Textures3: []
  m_Tangents:
  - {x: 1, y: 3.026916e-22, z: -9.521854e-16, w: -1}
  - {x: 1, y: 0.00000020861626, z: -2.3804635e-16, w: -1}
  - {x: 1, y: 0.00000006730477, z: 0, w: -1}
  - {x: 1, y: -0.0000001951965, z: 0, w: -1}
  - {x: 1, y: 0.000000021192761, z: -1.8822953e-22, w: -1}
  - {x: 1, y: -0.00000006357829, z: 4.5175093e-22, w: -1}
  - {x: 1, y: -0.00000031789145, z: 0, w: -1}
  - {x: 1, y: 0.000000021192761, z: -1.8822953e-22, w: -1}
  - {x: 1, y: -0.00000014834934, z: 0, w: -1}
  - {x: 1, y: -0.00000011813191, z: 0, w: -1}
  - {x: 1, y: 0.00000016978292, z: 0, w: -1}
  - {x: 1, y: 0.00000029802322, z: 0, w: -1}
  - {x: 1, y: 0.00000011920929, z: -4.760927e-16, w: -1}
  - {x: -1, y: -0.00000029802322, z: -0.000000022351742, w: -1}
  - {x: -1, y: -0.00000011920929, z: 0, w: -1}
  - {x: -1, y: -0.00000020861626, z: -0.000000011175871, w: -1}
  - {x: -1, y: 0, z: 0, w: -1}
  - {x: -1, y: -0.00000016978292, z: -0.00000001490116, w: -1}
  - {x: -1, y: -0.000000067304754, z: 0.000000004182782, w: -1}
  - {x: -1, y: 0.00000011813191, z: 0.000000004182782, w: -1}
  - {x: -1, y: 0.0000001951965, z: 0.000000004182782, w: -1}
  - {x: -1, y: 0.00000014834934, z: 0, w: -1}
  - {x: -1, y: -0.000000021192761, z: 1.8822953e-22, w: -1}
  - {x: -1, y: -0.000000021192761, z: 1.8822953e-22, w: -1}
  - {x: -1, y: 0.00000006357829, z: -4.5175093e-22, w: -1}
  - {x: -1, y: 0.00000031789145, z: 0, w: -1}
  - {x: 0, y: 0, z: -1, w: -1}
  - {x: 0, y: 0, z: -1, w: -1}
  - {x: 0, y: 0, z: -1, w: -1}
  - {x: 0, y: 0, z: -1, w: -1}
  - {x: -1, y: 0, z: 0, w: -1}
  - {x: -1, y: 0, z: 0, w: -1}
  - {x: -1, y: 0, z: 0, w: -1}
  - {x: -1, y: 0, z: 0, w: -1}
  - {x: 0, y: 0, z: 1, w: -1}
  - {x: 0, y: 0, z: 1, w: -1}
  - {x: 0, y: 0, z: 1, w: -1}
  - {x: 0, y: 0, z: 1, w: -1}
  - {x: 0, y: 0, z: -1, w: -1}
  - {x: 0, y: 0, z: -1, w: -1}
  - {x: 0, y: 0, z: -1, w: -1}
  - {x: 0, y: 0, z: -1, w: -1}
  - {x: 0, y: 0, z: 1, w: -1}
  - {x: 0, y: 0, z: 1, w: -1}
  - {x: 0, y: 0, z: 1, w: -1}
  - {x: 0, y: 0, z: 1, w: -1}
  - {x: 0.37139067, y: 0, z: -0.9284767, w: -1}
  - {x: 0.37139067, y: 0, z: -0.9284767, w: -1}
  - {x: 0.37139067, y: 0, z: -0.9284767, w: -1}
  - {x: 0.37139067, y: 0, z: -0.9284767, w: -1}
  - {x: -0.6, y: 0, z: 0.8, w: -1}
  - {x: -0.6000001, y: 0, z: 0.8, w: -1}
  - {x: -0.6000001, y: 0, z: 0.8, w: -1}
  - {x: -0.6, y: 0, z: 0.8, w: -1}
  - {x: 0.8320503, y: 7.3900914e-16, z: -0.55470014, w: -1}
  - {x: 0.8320503, y: 3.6950457e-16, z: -0.55470014, w: -1}
  - {x: 0.8320503, y: 3.6950457e-16, z: -0.55470014, w: -1}
  - {x: 0.8320503, y: 0, z: -0.5547002, w: -1}
  - {x: -0.7071068, y: 0, z: 0.7071068, w: -1}
  - {x: -0.7071068, y: 5.293956e-23, z: 0.70710677, w: -1}
  - {x: -0.7071068, y: 5.293956e-23, z: 0.70710677, w: -1}
  - {x: -0.7071068, y: -6.2803687e-16, z: 0.70710677, w: -1}
  - {x: 0.7071068, y: 0, z: -0.7071068, w: -1}
  - {x: 0.7071068, y: 0, z: -0.7071067, w: -1}
  - {x: 0.7071068, y: 0, z: -0.7071067, w: -1}
  - {x: 0.7071068, y: 0, z: -0.7071067, w: -1}
  - {x: -1, y: 0, z: 0, w: -1}
  - {x: -1, y: 0, z: 0, w: -1}
  - {x: -1, y: 0, z: 0, w: -1}
  - {x: -1, y: 0, z: 0, w: -1}
  - {x: -1.5839211e-14, y: 0, z: 1, w: -1}
  - {x: -1.5839211e-14, y: 0, z: 1, w: -1}
  - {x: -1.5839211e-14, y: 0, z: 1, w: -1}
  - {x: -1.5839211e-14, y: 0, z: 1, w: -1}
  - {x: 1, y: 0, z: 0, w: -1}
  - {x: 1, y: 0, z: 0, w: -1}
  - {x: 1, y: 0, z: 0, w: -1}
  - {x: 1, y: 0, z: 0, w: -1}
  m_Colors: []
  m_UnwrapParameters:
    m_HardAngle: 88
    m_PackMargin: 20
    m_AngleError: 8
    m_AreaError: 15
  m_PreserveMeshAssetOnDestroy: 0
  assetGuid: 
  m_Mesh: {fileID: 0}
  m_VersionIndex: 135
  m_IsSelectable: 1
  m_SelectedFaces: 
  m_SelectedEdges: []
  m_SelectedVertices: 
--- !u!114 &8360050377432106515
MonoBehaviour:
  m_ObjectHideFlags: 0
  m_CorrespondingSourceObject: {fileID: 0}
  m_PrefabInstance: {fileID: 0}
  m_PrefabAsset: {fileID: 0}
  m_GameObject: {fileID: 7236128546446174370}
  m_Enabled: 1
  m_EditorHideFlags: 0
  m_Script: {fileID: 11500000, guid: bb977b126bc1b4f15813dcf9da9bb600, type: 3}
  m_Name: 
  m_EditorClassIdentifier: 
  m_Points:
  - {x: 0, y: 0, z: 0}
  - {x: 3, y: 0, z: 0}
  - {x: 5, y: 0, z: -2}
  - {x: 8, y: 0.0000009536743, z: -6}
  - {x: 8, y: 0, z: -9}
  - {x: 8, y: 0.0000009536743, z: -14}
  - {x: 11, y: 0, z: -14}
  - {x: 11, y: 0.0000009536743, z: -11}
  - {x: 11, y: 0, z: -6}
  - {x: 9, y: 0, z: -1}
  - {x: 6, y: 0.0000009536743, z: 1}
  - {x: 4, y: 0, z: 3}
  - {x: 0, y: -0.0000009536743, z: 3}
  m_Extrude: 4
  m_EditMode: 0
  m_FlipNormals: 1
  isOnGrid: 1
--- !u!23 &7963358105901887154
MeshRenderer:
  m_ObjectHideFlags: 0
  m_CorrespondingSourceObject: {fileID: 0}
  m_PrefabInstance: {fileID: 0}
  m_PrefabAsset: {fileID: 0}
  m_GameObject: {fileID: 7236128546446174370}
  m_Enabled: 1
  m_CastShadows: 1
  m_ReceiveShadows: 1
  m_DynamicOccludee: 1
  m_StaticShadowCaster: 0
  m_MotionVectors: 1
  m_LightProbeUsage: 1
  m_ReflectionProbeUsage: 1
  m_RayTracingMode: 2
  m_RayTraceProcedural: 0
  m_RenderingLayerMask: 1
  m_RendererPriority: 0
  m_Materials:
  - {fileID: 2100000, guid: 31321ba15b8f8eb4c954353edc038b1d, type: 2}
  m_StaticBatchInfo:
    firstSubMesh: 0
    subMeshCount: 0
  m_StaticBatchRoot: {fileID: 0}
  m_ProbeAnchor: {fileID: 0}
  m_LightProbeVolumeOverride: {fileID: 0}
  m_ScaleInLightmap: 1
  m_ReceiveGI: 1
  m_PreserveUVs: 0
  m_IgnoreNormalsForChartDetection: 0
  m_ImportantGI: 0
  m_StitchLightmapSeams: 1
  m_SelectedEditorRenderState: 2
  m_MinimumChartSize: 4
  m_AutoUVMaxDistance: 0.5
  m_AutoUVMaxAngle: 89
  m_LightmapParameters: {fileID: 0}
  m_SortingLayerID: 0
  m_SortingLayer: 0
  m_SortingOrder: 0
  m_AdditionalVertexStreams: {fileID: 0}
--- !u!33 &2537890444794525955
MeshFilter:
  m_ObjectHideFlags: 0
  m_CorrespondingSourceObject: {fileID: 0}
  m_PrefabInstance: {fileID: 0}
  m_PrefabAsset: {fileID: 0}
  m_GameObject: {fileID: 7236128546446174370}
  m_Mesh: {fileID: 0}
--- !u!64 &4243696623604051336
MeshCollider:
  m_ObjectHideFlags: 0
  m_CorrespondingSourceObject: {fileID: 0}
  m_PrefabInstance: {fileID: 0}
  m_PrefabAsset: {fileID: 0}
  m_GameObject: {fileID: 7236128546446174370}
  m_Material: {fileID: 0}
  m_IncludeLayers:
    serializedVersion: 2
    m_Bits: 0
  m_ExcludeLayers:
    serializedVersion: 2
    m_Bits: 0
  m_LayerOverridePriority: 0
  m_IsTrigger: 0
  m_ProvidesContacts: 0
  m_Enabled: 1
  serializedVersion: 5
  m_Convex: 0
  m_CookingOptions: 30
  m_Mesh: {fileID: 0}
--- !u!114 &3849064456098225758
MonoBehaviour:
  m_ObjectHideFlags: 0
  m_CorrespondingSourceObject: {fileID: 0}
  m_PrefabInstance: {fileID: 0}
  m_PrefabAsset: {fileID: 0}
  m_GameObject: {fileID: 7236128546446174370}
  m_Enabled: 1
  m_EditorHideFlags: 0
  m_Script: {fileID: 11500000, guid: 888434c0805f7e346b4f20fade174dc8, type: 3}
  m_Name: 
  m_EditorClassIdentifier: 
  connectPoints:
  - {fileID: 3404380121390202504}
  - {fileID: 6656956086297705659}
--- !u!1001 &2032134551506772338
PrefabInstance:
  m_ObjectHideFlags: 0
  serializedVersion: 2
  m_Modification:
    serializedVersion: 3
    m_TransformParent: {fileID: 3917540967319281885}
    m_Modifications:
    - target: {fileID: 284057227996274145, guid: 1f005e8423ea3c64eadf54b9267aa216,
        type: 3}
      propertyPath: m_LocalPosition.x
      value: 9
      objectReference: {fileID: 0}
    - target: {fileID: 284057227996274145, guid: 1f005e8423ea3c64eadf54b9267aa216,
        type: 3}
      propertyPath: m_LocalPosition.y
      value: 1
      objectReference: {fileID: 0}
    - target: {fileID: 284057227996274145, guid: 1f005e8423ea3c64eadf54b9267aa216,
        type: 3}
      propertyPath: m_LocalPosition.z
      value: -12
      objectReference: {fileID: 0}
    - target: {fileID: 284057227996274145, guid: 1f005e8423ea3c64eadf54b9267aa216,
        type: 3}
      propertyPath: m_LocalRotation.w
      value: 0.7078955
      objectReference: {fileID: 0}
    - target: {fileID: 284057227996274145, guid: 1f005e8423ea3c64eadf54b9267aa216,
        type: 3}
      propertyPath: m_LocalRotation.x
      value: -0
      objectReference: {fileID: 0}
    - target: {fileID: 284057227996274145, guid: 1f005e8423ea3c64eadf54b9267aa216,
        type: 3}
      propertyPath: m_LocalRotation.y
      value: 0.70631725
      objectReference: {fileID: 0}
    - target: {fileID: 284057227996274145, guid: 1f005e8423ea3c64eadf54b9267aa216,
        type: 3}
      propertyPath: m_LocalRotation.z
      value: -0
      objectReference: {fileID: 0}
    - target: {fileID: 284057227996274145, guid: 1f005e8423ea3c64eadf54b9267aa216,
        type: 3}
      propertyPath: m_LocalEulerAnglesHint.x
      value: 0
      objectReference: {fileID: 0}
    - target: {fileID: 284057227996274145, guid: 1f005e8423ea3c64eadf54b9267aa216,
        type: 3}
      propertyPath: m_LocalEulerAnglesHint.y
      value: 89.872
      objectReference: {fileID: 0}
    - target: {fileID: 284057227996274145, guid: 1f005e8423ea3c64eadf54b9267aa216,
        type: 3}
      propertyPath: m_LocalEulerAnglesHint.z
      value: 0
      objectReference: {fileID: 0}
    - target: {fileID: 2377048410327332752, guid: 1f005e8423ea3c64eadf54b9267aa216,
        type: 3}
      propertyPath: m_Layer
      value: 7
      objectReference: {fileID: 0}
    - target: {fileID: 5314222543452585338, guid: 1f005e8423ea3c64eadf54b9267aa216,
        type: 3}
      propertyPath: m_Name
      value: ConnectPoint (2)
      objectReference: {fileID: 0}
    - target: {fileID: 5314222543452585338, guid: 1f005e8423ea3c64eadf54b9267aa216,
        type: 3}
      propertyPath: m_Layer
      value: 7
      objectReference: {fileID: 0}
    m_RemovedComponents: []
    m_RemovedGameObjects: []
    m_AddedGameObjects: []
    m_AddedComponents: []
  m_SourcePrefab: {fileID: 100100000, guid: 1f005e8423ea3c64eadf54b9267aa216, type: 3}
--- !u!4 &2288597240815713427 stripped
Transform:
  m_CorrespondingSourceObject: {fileID: 284057227996274145, guid: 1f005e8423ea3c64eadf54b9267aa216,
    type: 3}
  m_PrefabInstance: {fileID: 2032134551506772338}
  m_PrefabAsset: {fileID: 0}
--- !u!114 &6656956086297705659 stripped
MonoBehaviour:
  m_CorrespondingSourceObject: {fileID: 4634720588512746953, guid: 1f005e8423ea3c64eadf54b9267aa216,
    type: 3}
  m_PrefabInstance: {fileID: 2032134551506772338}
  m_PrefabAsset: {fileID: 0}
  m_GameObject: {fileID: 0}
  m_Enabled: 1
  m_EditorHideFlags: 0
  m_Script: {fileID: 11500000, guid: 6dc11a946c2919b468fa39d6546c111e, type: 3}
  m_Name: 
  m_EditorClassIdentifier: 
--- !u!1001 &8029667992958722881
PrefabInstance:
  m_ObjectHideFlags: 0
  serializedVersion: 2
  m_Modification:
    serializedVersion: 3
    m_TransformParent: {fileID: 3917540967319281885}
    m_Modifications:
    - target: {fileID: 284057227996274145, guid: 1f005e8423ea3c64eadf54b9267aa216,
        type: 3}
      propertyPath: m_LocalPosition.x
      value: 2
      objectReference: {fileID: 0}
    - target: {fileID: 284057227996274145, guid: 1f005e8423ea3c64eadf54b9267aa216,
        type: 3}
      propertyPath: m_LocalPosition.y
      value: 1
      objectReference: {fileID: 0}
    - target: {fileID: 284057227996274145, guid: 1f005e8423ea3c64eadf54b9267aa216,
        type: 3}
      propertyPath: m_LocalPosition.z
      value: 1
      objectReference: {fileID: 0}
    - target: {fileID: 284057227996274145, guid: 1f005e8423ea3c64eadf54b9267aa216,
        type: 3}
      propertyPath: m_LocalRotation.w
      value: -0.012552816
      objectReference: {fileID: 0}
    - target: {fileID: 284057227996274145, guid: 1f005e8423ea3c64eadf54b9267aa216,
        type: 3}
      propertyPath: m_LocalRotation.x
      value: -0
      objectReference: {fileID: 0}
    - target: {fileID: 284057227996274145, guid: 1f005e8423ea3c64eadf54b9267aa216,
        type: 3}
      propertyPath: m_LocalRotation.y
      value: -0.99992126
      objectReference: {fileID: 0}
    - target: {fileID: 284057227996274145, guid: 1f005e8423ea3c64eadf54b9267aa216,
        type: 3}
      propertyPath: m_LocalRotation.z
      value: -0
      objectReference: {fileID: 0}
    - target: {fileID: 284057227996274145, guid: 1f005e8423ea3c64eadf54b9267aa216,
        type: 3}
      propertyPath: m_LocalEulerAnglesHint.x
      value: 0
      objectReference: {fileID: 0}
    - target: {fileID: 284057227996274145, guid: 1f005e8423ea3c64eadf54b9267aa216,
        type: 3}
      propertyPath: m_LocalEulerAnglesHint.y
      value: -181.438
      objectReference: {fileID: 0}
    - target: {fileID: 284057227996274145, guid: 1f005e8423ea3c64eadf54b9267aa216,
        type: 3}
      propertyPath: m_LocalEulerAnglesHint.z
      value: 0
      objectReference: {fileID: 0}
    - target: {fileID: 2377048410327332752, guid: 1f005e8423ea3c64eadf54b9267aa216,
        type: 3}
      propertyPath: m_Layer
      value: 7
      objectReference: {fileID: 0}
    - target: {fileID: 5314222543452585338, guid: 1f005e8423ea3c64eadf54b9267aa216,
        type: 3}
      propertyPath: m_Name
      value: ConnectPoint (1)
      objectReference: {fileID: 0}
    - target: {fileID: 5314222543452585338, guid: 1f005e8423ea3c64eadf54b9267aa216,
        type: 3}
      propertyPath: m_Layer
      value: 7
      objectReference: {fileID: 0}
    m_RemovedComponents: []
    m_RemovedGameObjects: []
    m_AddedGameObjects: []
    m_AddedComponents: []
  m_SourcePrefab: {fileID: 100100000, guid: 1f005e8423ea3c64eadf54b9267aa216, type: 3}
--- !u!114 &3404380121390202504 stripped
MonoBehaviour:
  m_CorrespondingSourceObject: {fileID: 4634720588512746953, guid: 1f005e8423ea3c64eadf54b9267aa216,
    type: 3}
  m_PrefabInstance: {fileID: 8029667992958722881}
  m_PrefabAsset: {fileID: 0}
  m_GameObject: {fileID: 0}
  m_Enabled: 1
  m_EditorHideFlags: 0
  m_Script: {fileID: 11500000, guid: 6dc11a946c2919b468fa39d6546c111e, type: 3}
  m_Name: 
  m_EditorClassIdentifier: 
--- !u!4 &7826747027386629792 stripped
Transform:
  m_CorrespondingSourceObject: {fileID: 284057227996274145, guid: 1f005e8423ea3c64eadf54b9267aa216,
    type: 3}
  m_PrefabInstance: {fileID: 8029667992958722881}
  m_PrefabAsset: {fileID: 0}
